<record><leader>01702nam a2200421Ia 4500</leader><controlfield tag="001">6485795</controlfield><controlfield tag="003">OCoLC</controlfield><controlfield tag="005">20140220153424.0</controlfield><controlfield tag="008">131029s2015    ctua     f    001 0 eng d</controlfield><datafield ind1=" " ind2=" " tag="015"><subfield code="a">GBB3A6006</subfield><subfield code="2">bnb</subfield></datafield><datafield ind1="7" ind2=" " tag="016"><subfield code="a">016547618</subfield><subfield code="2">Uk</subfield></datafield><datafield ind1=" " ind2=" " tag="020"><subfield code="a">9781285425917 (pbk.)</subfield></datafield><datafield ind1=" " ind2=" " tag="020"><subfield code="a">128542591X (pbk.)</subfield></datafield><datafield ind1=" " ind2=" " tag="035"><subfield code="a">ocn864087199</subfield></datafield><datafield ind1=" " ind2=" " tag="040"><subfield code="a">UKMGB</subfield><subfield code="b">eng</subfield><subfield code="c">UKMGB</subfield><subfield code="d">OCLCO</subfield><subfield code="d">YDXCP</subfield><subfield code="d">MDY</subfield><subfield code="d">AEU</subfield></datafield><datafield ind1=" " ind2=" " tag="050"><subfield code="a">BF76.7</subfield><subfield code="b">.P47 2015</subfield></datafield><datafield ind1="0" ind2="4" tag="082"><subfield code="a">808.06615</subfield><subfield code="2">23</subfield></datafield><datafield ind1=" " ind2=" " tag="090"><subfield code="a">PE 1475 P43 2015</subfield><subfield code="b">AEU</subfield></datafield><datafield ind1="1" ind2=" " tag="100"><subfield code="a">Perrin, Robert,</subfield><subfield code="d">1950- ,</subfield><subfield code="e">author.</subfield></datafield><datafield ind1="1" ind2="0" tag="245"><subfield code="a">Pocket guide to APA style /</subfield><subfield code="c">Robert Perrin.</subfield></datafield><datafield ind1="3" ind2=" " tag="246"><subfield code="a">Pocket guide to American Psychological Association style</subfield></datafield><datafield ind1=" " ind2=" " tag="250"><subfield code="a">5th edition.</subfield></datafield><datafield ind1=" " ind2="1" tag="264"><subfield code="a">Stamford, CT :</subfield><subfield code="b">Cengage Learning,</subfield><subfield code="c">c2015.</subfield></datafield><datafield ind1=" " ind2=" " tag="300"><subfield code="a">viii, 181 p. :</subfield><subfield code="b">ill. ;</subfield><subfield code="c">22 cm.</subfield></datafield><datafield ind1=" " ind2=" " tag="336"><subfield code="a">text</subfield><subfield code="2">rdacontent</subfield></datafield><datafield ind1=" " ind2=" " tag="337"><subfield code="a">unmediated</subfield><subfield code="2">rdamedia</subfield></datafield><datafield ind1=" " ind2=" " tag="338"><subfield code="a">volume</subfield><subfield code="2">rdacarrier</subfield></datafield><datafield ind1=" " ind2=" " tag="500"><subfield code="a">Previous edition: 2012.</subfield></datafield><datafield ind1=" " ind2=" " tag="504"><subfield code="a">Includes bibliographical references and index.</subfield></datafield><datafield ind1=" " ind2=" " tag="596"><subfield code="a">40 41</subfield></datafield><datafield ind1=" " ind2="0" tag="650"><subfield code="a">Psychology</subfield><subfield code="x">Authorship</subfield><subfield code="v">Style manuals.</subfield></datafield><datafield ind1=" " ind2="0" tag="650"><subfield code="a">Social sciences</subfield><subfield code="x">Authorship</subfield><subfield code="v">Style manuals.</subfield></datafield><datafield ind1=" " ind2="0" tag="650"><subfield code="a">Psychological literature</subfield><subfield code="x">Publishing</subfield><subfield code="v">Handbooks, manuals, etc.</subfield></datafield><datafield ind1=" " ind2="0" tag="650"><subfield code="a">Social science literature</subfield><subfield code="x">Publishing</subfield><subfield code="v">Handbooks, manuals, etc.</subfield></datafield><datafield ind1=" " ind2="0" tag="650"><subfield code="a">Dissertations, Academic</subfield><subfield code="v">Style manuals.</subfield></datafield><datafield ind1=" " ind2=" " tag="926"><subfield code="a">PE 1475 P43 2015</subfield><subfield code="w">LC</subfield><subfield code="c">1</subfield><subfield code="i">0162033360189</subfield><subfield code="l">INFO_DESK</subfield><subfield code="m">UABUSINESS</subfield><subfield code="p">$150.00</subfield><subfield code="r">Y</subfield><subfield code="s">Y</subfield><subfield code="t">NO_LOAN</subfield><subfield code="u">2/20/2014</subfield></datafield><datafield ind1=" " ind2=" " tag="926"><subfield code="a">PE 1475 P43 2015</subfield><subfield code="w">LC</subfield><subfield code="c">1</subfield><subfield code="i">0162033432301</subfield><subfield code="l">INFO_DESK</subfield><subfield code="m">UAEDUC</subfield><subfield code="p">$150.00</subfield><subfield code="r">Y</subfield><subfield code="s">Y</subfield><subfield code="t">NO_LOAN</subfield><subfield code="u">4/10/2014</subfield></datafield><datafield ind1=" " ind2=" " tag="926"><subfield code="a">PE 1475 P43 2015</subfield><subfield code="w">LC</subfield><subfield code="c">2</subfield><subfield code="i">0162033432244</subfield><subfield code="d">9/2/2015</subfield><subfield code="e">9/2/2015</subfield><subfield code="k">MISSING</subfield><subfield code="l">FLOOR_2</subfield><subfield code="m">UAEDUC</subfield><subfield code="n">2</subfield><subfield code="p">$150.00</subfield><subfield code="r">M</subfield><subfield code="s">Y</subfield><subfield code="t">BOOK</subfield><subfield code="u">4/10/2014</subfield></datafield></record>